@article{Curley,
    author = {Robert Curley},
    title = {Chevron Corporaton},
    journal = {Britannica Money},
    year = {2024} 
}
@article{Statista,
    author = {Statista, Research Department} ,
    title = {Chevron - statistics & facts},
    journal = {Statista},
    year = {2024} 
}
@article{David,
    author = {David McRobert and Jordan Shay} ,
    title = {Chevron Case Signals Corporate Social Responsibility and Accountability Challenges Remain in Oil and Gas Sector},
    journal ={Ontario Bar Association Newsletter} ,
    year = {2018}
}
@article{Cass,
    author = {Cass R. Sunstein} ,
    title = {Chevron As Law},
    journal = {Georgetown Law Journal} ,
    year = {2019}
}